
@article{marshall_new_2017,
	title = {A new, virus-free haplotype of the coconut rhinoceros beetle ({Oryctes} rhinoceros) invades the {Pacific} region [{IN} {PREPARATION}]},
	journal = {Journal of Invertebrate Pathology},
	author = {Marshall, Sean D G and Moore, Aubrey and Vaqalo, Maclean and Jackson, Trevor A},
	year = {2017}
}

@misc{aubrey_moore_application_2016,
	title = {Application to the {USFWS} for a {Permit} to {Work} with {Hypolimnas} octocula marianensis.pdf},
	author = {{Aubrey Moore}},
	month = jun,
	year = {2016},
	file = {Aubrey Moore - 2016 - Application to the USFWS for a Permit to Work with.pdf:/home/aubreymoore/.zotero/zotero/uqtovekj.default/zotero/storage/S5V6XTDB/Aubrey Moore - 2016 - Application to the USFWS for a Permit to Work with.pdf:application/pdf}
}

@misc{moore_biological_2016,
	address = {Guam},
	title = {Biological {Invasion} of {Guam}},
	author = {Moore, Aubrey},
	month = mar,
	year = {2016}
}

@book{moore_crb-g_2016,
	title = {{CRB}-{G} {Management}},
	url = {osf.io/5js9z},
	publisher = {Open Science Framework},
	author = {Moore, Aubrey and Iriarte, Ian R},
	month = jul,
	year = {2016}
}

@misc{blas_andrea_deans_2016,
	title = {Dean's 2016 {Project} {Pool} {Proposal}: {Coconut} rhino beetle as a transmission vector of {Tinangaja} disease},
	author = {{Blas, Andrea} and {Moore, Aubrey}},
	year = {2016},
	file = {Blas, Andrea and Moore, Aubrey - 2016 - Dean's 2016 Project Pool Proposal Coconut rhino b.pdf:/home/aubreymoore/.zotero/zotero/uqtovekj.default/zotero/storage/FP2IB54Q/Blas, Andrea and Moore, Aubrey - 2016 - Dean's 2016 Project Pool Proposal Coconut rhino b.pdf:application/pdf}
}

@misc{aubrey_moore_discovery_2016,
	address = {Honolulu, Hawaii},
	title = {Discovery of the {Coconut} {Rhinoceros} {Beetle} {Guam} {Biotype} and {Implications} for {Global} {Control}},
	url = {http://guaminsects.net/GISC_NOV2015/GISC_NOV2015/Moore_ESA_PB_APR2016.html},
	author = {{Aubrey Moore}},
	month = apr,
	year = {2016}
}

@misc{aubrey_moore_discovery_2016-1,
	address = {Suva, Fiji},
	title = {Discovery of the {Coconut} {Rhinoceros} {Beetle} {Guam} {Biotype} and {Implications} for {Global} {Control}},
	url = {http://guaminsects.net/GISC_NOV2015/GISC_NOV2015/Moore_ESA_PB_APR2016.html},
	author = {{Aubrey Moore}},
	month = jun,
	year = {2016}
}

@misc{moore_discovery_2016,
	address = {Honolulu, Hawaii},
	title = {Discovery of the {Coconut} {Rhinoceros} {Beetle} {Guam} {Biotype} and {Implications} for {Global} {Control}},
	url = {http://guaminsects.net/GISC_NOV2015/GISC_NOV2015/Moore_ESA_PB_APR2016.html},
	urldate = {2016-04-17},
	author = {Moore, Aubrey},
	month = apr,
	year = {2016}
}

@misc{marshall_sean_draft_2016,
	title = {Draft {Whitepaper}: {A} {New} {Coconut} {Rhinoceros} {Beetle} {Biotype} {Threatens} {Coconut} and oil {Palms} in {Southeast} {Asia} and the {Pacific}},
	author = {{Marshall, Sean} and {Moore, Aubrey} and {Vaqalo, Maclean}},
	year = {2016},
	file = {Marshall, Sean et al. - 2016 - Draft Whitepaper A New Coconut Rhinoceros Beetle:/home/aubreymoore/.zotero/zotero/uqtovekj.default/zotero/storage/ZFCSBT7F/Marshall, Sean et al. - 2016 - Draft Whitepaper A New Coconut Rhinoceros Beetle :}
}

@misc{moore_aubrey_farm_2016,
	title = {{FARM} {BILL} 2015-16 {WORK} {PLAN}: {Oryctes} nudivirus for biocontrol of the {Guam} biotype of the coconut rhinoceros beetle},
	author = {{Moore, Aubrey}},
	year = {2016},
	file = {FARM BILL WORK PLAN 2016.pdf:/home/aubreymoore/.zotero/zotero/uqtovekj.default/zotero/storage/IAAGJ3RE/FARM BILL WORK PLAN 2016.pdf:application/pdf}
}

@misc{moore_aubrey_fws_2016,
	title = {{FWS} {Proposal} {FY}2016: {Establishment} of {Captive} and {Managed} {Populations} of {Maiana} {Eight}-spot {Butterfly}},
	url = {http://guaminsects.net/anr/sites/default/files/GU%20F13AF01300%20AMD%202%20AL.pdf},
	urldate = {2016-07-24},
	author = {{Moore, Aubrey}},
	year = {2016},
	file = {Moore, Aubrey - 2016 - FWS Proposal FY2016 Establishment of Captive and .pdf:/home/aubreymoore/.zotero/zotero/uqtovekj.default/zotero/storage/H8FXTWTT/Moore, Aubrey - 2016 - FWS Proposal FY2016 Establishment of Captive and .pdf:application/pdf}
}

@misc{moore_google_2016,
	title = {Google {News} {Archive} {Search} for {Articles} {Posted} {Between} {June} 15, 2015 and {June} 14, 2016 {Which} {Contained} ”{Aubrey} {Moore}”and ”{Guam}”},
	author = {Moore, Aubrey},
	month = jul,
	year = {2016},
	file = {CFES2015_news_articles.pdf:/home/aubreymoore/.zotero/zotero/uqtovekj.default/zotero/storage/E93XIAQX/CFES2015_news_articles.pdf:application/pdf}
}

@misc{rosario_greater_2016,
	title = {Greater banded hornet, {Vespa} tropica},
	author = {Rosario, Christopher A. and Sablan, Lee Roy and Miller, Ross H. and Moore, Aubrey},
	year = {2016},
	keywords = {gisa},
	file = {vespa-tropica-2.pdf:/home/aubreymoore/.zotero/zotero/uqtovekj.default/zotero/storage/9BCEJQA8/vespa-tropica-2.pdf:application/pdf}
}

@misc{aubrey_moore_guam_2016,
	address = {Washington, D.C.},
	title = {Guam {Report}},
	author = {{Aubrey Moore}},
	month = mar,
	year = {2016}
}

@article{moore_judas_2016,
	title = {Judas beetles: {Discovering} cryptic breeding sites by radio-tracking coconut rhinoceros beetles, {Oryctes} rhinoceros ({Coleoptera}: {Scarabaeidae})},
	url = {https://mail-attachment.googleusercontent.com/attachment/u/0/?ui=2&ik=19c8e44bc0&view=att&th=155130ab6bf79a9e&attid=0.1&disp=safe&realattid=f_ioytlftj0&zw&saddbat=ANGjdJ_uhUIPyoOW_PwvZDI-tnh2FqnLWXw0fOUJTtGSxZKmTAH3sFyd17d8174L4gS9eVhGvtrWdjj6Kd_a3w_1kUyXXaIGyQekLwUlmTS8o29NdMED1-qDeZzEB3ZllvgQ3bIbZ1V_1IEISK4N1rHv_3uZC_sg1OegOAxocxobQIZpUkoDuFtrw6iTwWRNf-w9bGphlQugiC-O7OTpf31T0PL71VRJAe37fnlOlVrDVwoQlejJk9jAQSncJfQGXHUD5nrYhACEgVAA_q5EoCZzBYo3_DK8tYJdo6f63uwBhQKHR3KqN1-9OQhOEu53JL8s3s83QSyq8a0chPDfK249pLXpTAlFOJ2nl2ZDx6fimKlZZAyr_O7Gk5LzPbdxqxaTRpAs2i5_eY6ejopSIWpTrZIa2yQfH_zH_wk5NAefX9qkoatDH3MKj-0Zf7IgmMZFBxOJWLA47JJ1Cc03KQASk8nVOC9kwK9mTgCv3Y1ZPrmTbAQvh8KKdf0UQr920-DBPPKJZGP23qQv0PZYe570mkkkO3LRdtlb02gAmBk8WpmUHvT1TFz9-5NErqQbVMo8McxTL2GqVhnb5kPezk0I2bufKeCTUgg7Wn8cwVZHvGVYNRM988RBG9g7mGpts87Tjea26QdUh6sCuwoW},
	urldate = {2016-07-23},
	journal = {Journal of Environmental Entomology},
	author = {Moore, Aubrey and Barahona, Diego C. and Lehman, Katherine A. and Skabeikis, Dominick A. and Iriarte, Ian R. and Jang, Eric B. and Siderhurst, Mattew S.},
	year = {2016},
	file = {Moore et al. - 2016 - Judas beetles Discovering cryptic breeding sites .pdf:/home/aubreymoore/.zotero/zotero/uqtovekj.default/zotero/storage/R8CC53VQ/Moore et al. - 2016 - Judas beetles Discovering cryptic breeding sites .pdf:application/pdf}
}

@article{moore_movement_2016,
	title = {Movement of packaged soil {Products} as a dispersal pathway for coconut rhinoceros beetle, {Oryctes} rhinoceros ({Coleoptera}:{Scarabaeidae}) and other {Invasive} species},
	volume = {48},
	doi = {http://hdl.handle.net/10125/42743},
	urldate = {2016-07-23},
	journal = {Proceedings of the Hawaiian Entomological Society},
	author = {Moore, Aubrey and Quitugua, Roland and Iriarte, Ian R. and Melzer, Michael and Watanabe, Shizu and Cheng, Zhinqiang and Muna-Barnes, Jathen},
	year = {2016},
	pages = {21--22},
	file = {Moore et al. - 2016 - Movement of packaged soil Products as a dispersal .pdf:/home/aubreymoore/.zotero/zotero/uqtovekj.default/zotero/storage/9U28DTSF/Moore et al. - 2016 - Movement of packaged soil Products as a dispersal .pdf:application/pdf}
}

@misc{moore_update_2016,
	address = {Guam},
	title = {Update on the {Guam} {Coconut} {Rhinoceros} {Beetle} {Infestation}},
	author = {Moore, Aubrey},
	month = mar,
	year = {2016}
}

@misc{moore_update_2016-1,
	address = {Washington, D.C.},
	title = {Update on the {Guam} {Coconut} {Rhinoceros} {Beetle} {Infestation}},
	author = {Moore, Aubrey},
	month = mar,
	year = {2016}
}

@misc{aubrey_moore_update_2015,
	title = {Update on the {Guam} {Coconut} {Rhinoceros} {Beetle} {Situation} for the {Guam} {Invasive} {Species} {Council}},
	url = {http://guaminsects.net/GISC_NOV2015/GISC_NOV2015/},
	urldate = {2016-08-07},
	author = {{Aubrey Moore}},
	month = nov,
	year = {2015},
	note = {bibtex: aubrey\_moore\_update\_2015},
	file = {Update on the Guam Coconut Rhinoceros Beetle Situation for the Guam Invasive Species Council:/home/aubreymoore/.zotero/zotero/uqtovekj.default/zotero/storage/JV7QAGHC/GISC_NOV2015.html:text/html}
}

@misc{moore_update_2015,
	title = {Update on the {Guam} {Coconut} {Rhinoceros} {Beetle} {Situation} for the {Guam} {Invasive} {Species} {Council}},
	url = {http://guaminsects.net/GISC_NOV2015/GISC_NOV2015/},
	urldate = {2016-04-17},
	author = {Moore, Aubrey},
	month = nov,
	year = {2015}
}

@article{moore_usda-forest_2016,
	title = {{USDA}-{Forest} {Service} {Project} {Proposal}},
	number = {3},
	author = {Moore, Aubrey},
	year = {2016},
	pages = {1--11},
	file = {proposal:/home/aubreymoore/.zotero/zotero/uqtovekj.default/zotero/storage/CTP5JH39/proposal.pdf:application/pdf}
}

@misc{moore_aubrey_us_2016,
	title = {{US} {Forest} {Service} {Grant} {Proposal}: {Detector} {Beetles}: {Radio}-{Tracking} {Coconut} {Rhinoceros} {Beetles} ({CRB}) to {Discover} {Breeding} {Sites} and {CRB} {Biocontrol}},
	author = {{Moore, Aubrey}},
	year = {2016},
	file = {Moore, Aubrey - 2016 - US Forest Service Grant Proposal Detector Beetles.pdf:/home/aubreymoore/.zotero/zotero/uqtovekj.default/zotero/storage/2EB67PU9/Moore, Aubrey - 2016 - US Forest Service Grant Proposal Detector Beetles.pdf:application/pdf}
}