@unpublished{moore_building_2018,
  title = {Building a {{Terrestrial Biodiversity Inventory}} for {{Guam}}},
  author = {Moore, Aubrey},
  date = {2018-04-26},
  doi = {10.6084/m9.figshare.6188315.v1},
  url = {https://figshare.com/articles/Building_a_Terrestrial_Biodiversity_Inventory_for_Guam/6188315},
  eventtitle = {Guam {{Island Sustainability Conference}}},
  venue = {{Tumon Bay, Guam}},
  keywords = {biodiversity informatics,McIntire-Stennis final report 2019,Moore-presentations-after-2017,presentation2018,rlg},
  file = {/home/aubrey/snap/zotero-snap/common/Zotero/storage/7QFRJ63C/6188315.pdf}
}

@misc{moore_mcintire-stennis_2018,
  title = {{{McIntire-Stennis Proposal}}: {{Guam Forest Biodiversity Inventory}}},
  author = {Moore, Aubrey},
  date = {2018-06-21},
  url = {https://github.com/aubreymoore/Miscellaneous-Docs-for-CFES2018/raw/master/ms_proposal_2018.pdf},
  keywords = {McIntire-Stennis final report 2019,miscellaneous2018,rlg}
}
@unpublished{moore_building_2018-1,
	type = {oral presentation},
	title = {Building a {{Terrestrial Biodiversity Inventory}} for {{Guam}}},
	author = {Moore, Aubrey},
	date = {2018},
	doi = {10.6084/m9.figshare.6188315.v1},
	url = {https://figshare.com/articles/Building_a_Terrestrial_Biodiversity_Inventory_for_Guam/6188315},
	eventtitle = {Second {{Annual Digital Data}} in {{Biodiversity Research Conference}}},
	venue = {{Berkeley, CA}},
	keywords = {biodiversity informatics,McIntire-Stennis final report 2019,Moore-presentations-after-2017,presentation2018,rlg}
}

@book{swezey1942insects,
	title={Insects of Guam I, Bulletin 172},
	author={Swezey, O. H.},
	publisher={Bernice P. Bishop Museum, Honolulu},
	pages={218},
	year={1942},
	url ={http://hbs.bishopmuseum.org/pubs-online/pdf/bull172.pdf}
}

@book{swezey1946insects,
	title={Insects of Guam II, Bulletin 189},
	author={Swezey, O. H.},
	publisher={Bernice P. Bishop Museum, Honolulu},
	pages={212},
	year={1946},
	url={http://hbs.bishopmuseum.org/pubs-online/pdf/bull189.pdf}
}

@misc{https://doi.org/10.15468/dl.yztrkr,
	doi = {10.15468/DL.YZTRKR},
	url = {https://www.gbif.org/occurrence/download/0263016-220831081235567},
	author = {{GBIF.Org User}},
	keywords = {GBIF, biodiversity, species occurrences},
	title = {Occurrence Download},
	publisher = {The Global Biodiversity Information Facility},
	year = {2023},
	copyright = {Creative Commons Attribution Non Commercial 4.0 International}
}

@misc{taxonview-ipynb,
	url = {https://github.com/aubreymoore/Guam-insect-list/blob/main/Guam_insects_GBIF.ipynb},
	author = {Aubrey Moore},
	title = {A Jupyter notebook which generates a static webpage containing an interactive taxonomic tree showing Guam taxa recorded in GBIF},
	year = {2023}
}

@misc{taxonview-page,
	url = {https://aubreymoore.github.io/Guam-insect-list/},
	author = {Aubrey Moore},
	title = {A static webpage containing an interactive taxonomic tree showing Guam taxa recorded in GBIF},
	year = {2023}
}

